@ARTICLE{247643,
  author={Roman, G.-C. and Cox, K.C.},
  journal={Computer}, 
  title={A taxonomy of program visualization systems}, 
  year={1993},
  volume={26},
  number={12},
  pages={11-24},
  doi={10.1109/2.247643}
}

@article{2018visual,
  title={Visual augmentation of source code editors: A systematic mapping study},
  author={Sul{\'\i}r, Mat{\'u}{\v{s}} and Ba{\v{c}}{\'\i}kov{\'a}, Michaela and Chodarev, Sergej and Porub{\"a}n, Jaroslav},
  journal={Journal of Visual Languages \& Computing},
  volume={49},
  pages={46--59},
  year={2018},
  publisher={Elsevier}
}


@INPROCEEDINGS{5336433,  
author={Park, Yunrim and Jensen, Carlos},  
booktitle={2009 5th IEEE International Workshop on Visualizing Software for Understanding and Analysis},   
title={Beyond pretty pictures: Examining the benefits of code visualization for Open Source newcomers},   
year={2009},  
volume={},  
number={},
pages={3-10},  
doi={10.1109/VISSOF.2009.5336433}
}

@article{anal,
  title={Static code analysis},
  author={Bardas, Alexandru G and others},
  journal={Journal of Information Systems \& Operations Management},
  volume={4},
  number={2},
  pages={99--107},
  year={2010},
  publisher={Romanian-American University}
}

@article{rust-official,
author = {Matsakis, Nicholas D. and Klock, Felix S.},
title = {The Rust Language},
journal = {Ada Lett.},
year = {2014},
publisher = {Association for Computing Machinery},
volume = {34},
number = {3},
doi = {10.1145/2692956.2663188},
pages = {103–104},
numpages = {2}
}


@online{top-lang,
    title={TIOBE: Top programming languages},
    url={https://www.tiobe.com/tiobe-index/},
    urldate={2022-11-02},
    year=2022
}

@online{rust-github,
    title={Github: Main source code repository for Rust},
    url={https://github.com/rust-lang/rust},
    urldate={2023-02-20},
    year=2023
}

@online{rustdoc,
    title={Rustdoc: documentation generator for Rust projects},
    url={https://doc.rust-lang.org/stable/rustdoc/},
    urldate={2023-05-30},
    year=2023
}


@inproceedings{cvsscan,
    author = {Voinea, Lucian and Telea, Alex and van Wijk, Jarke J.},
    title = {CVSscan: Visualization of Code Evolution},
    year = {2005},
    isbn = {1595930736},
    publisher = {Association for Computing Machinery},
    address = {New York, NY, USA},
    doi = {10.1145/1056018.1056025},
    booktitle = {Proceedings of the 2005 ACM Symposium on Software Visualization},
    pages = {47–56},
    numpages = {10},
}

@article{ville,
  title={Effectiveness of program visualization: A case study with the ViLLE tool},
  author={Rajala, Teemu and Laakso, Mikko-Jussi and Kaila, Erkki and Salakoski, Tapio},
  journal={Journal of Information Technology Education. Innovations in Practice},
  volume={7},
  pages={15},
  year={2008},
  publisher={Informing Science Institute}
}

@article{reed2015patina,
  title={Patina: A formalization of the Rust programming language},
  author={Reed, Eric},
  journal={University of Washington, Department of Computer Science and Engineering, Tech. Rep. UW-CSE-15-03-02},
  pages={264},
  year={2015}
}

@online{crates-syn,
    title={Syn: parser for Rust source code},
    url={https://crates.io/crates/syn},
    urldate={2022-11-02},
    year=2022
}

@online{crates-rust-analyzer,
    title={Rust-analyzer: semantic analysis of Rust code},
    url={https://rust-analyzer.github.io/manual.html},
    urldate={2022-11-02},
    year=2022
}

@online{lsp,
    title={Language Server Protocol: Official page},
    url={https://microsoft.github.io/language-server-protocol/},
    urldate={2023-23-04},
    year=2023
}

@online{github,
    title={Github: offical website},
    url={https://github.com/},
    urldate={2022-11-02},
    year=2022
}

@online{minify-github,
    title={A Rust HTML minifier: Github page},
    url={https://github.com/wilsonzlin/minify-html},
    urldate={2023-05-07},
    year=2023
}

@online{tera-official,
    title={Tera: template engine for Rust},
    url={https://tera.netlify.app/},
    urldate={2023-05-24},
    year=2023
}


@online{github-my-thesis,
    title={Rust report generator: Github page},
    url={https://github.com/sevenzing/thesis},
    urldate={2023-05-26},
    year=2023
}


@online{jinja-official,
    title={Jinja: templating engine},
    url={https://github.com/pallets/jinja},
    urldate={2023-05-24},
    year=2023
}

@online{rust-book-code-blocks,
    title={Rust book: blocks expressions},
    url={https://doc.rust-lang.org/reference/expressions/block-expr.html#block-expressions},
    urldate={2023-03-14},
    year=2023
}

@INPROCEEDINGS{python,
    title = {Online Python Tutor: Embeddable Web-Based Program Visualization for Cs Education},
    author = {Guo, Philip J.},
    doi = {10.1145/2445196.2445368},
    year = {2013},
    publisher = {Association for Computing Machinery},
    booktitle = {Proceeding of the 44th ACM Technical Symposium on Computer Science Education},
    pages = {579–584},
    numpages = {6},
    
}

@inproceedings{mirchecker,
author = {Li, Zhuohua and Wang, Jincheng and Sun, Mingshen and Lui, John C.S.},
title = {MirChecker: Detecting Bugs in Rust Programs via Static Analysis},
year = {2021},
isbn = {9781450384544},
publisher = {Association for Computing Machinery},
address = {New York, NY, USA},
url = {https://doi.org/10.1145/3460120.3484541},
doi = {10.1145/3460120.3484541},
booktitle = {Proceedings of the 2021 ACM SIGSAC Conference on Computer and Communications Security},
pages = {2183–2196},
numpages = {14},
keywords = {static analysis, rust, abstract interpretation},
location = {Virtual Event, Republic of Korea},
series = {CCS '21}
}

@software{sevenzing_2023_8017323,
  author       = {sevenzing},
  title        = {sevenzing/rust-html-generator: Initial release},
  month        = jun,
  year         = 2023,
  publisher    = {Zenodo},
  version      = {0.1.0},
  doi          = {10.5281/zenodo.8017323},
  url          = {https://doi.org/10.5281/zenodo.8017323}
}




% @incollection{B,
%   pages = {627-637},
%   title = {Title of chapter in the book,},
%   author = {Sweetser, Penny},
%   crossref = {crref}
% }

% @book{crref,
%   title = {Title of Published Book},
%   booktitle = {Title of Published Book},
%   publisher = {Charles River Media},
%   year = {2004},
%   address = {Hingham, Massachusetts, USA},
%   edition = {1}
% }

% @ARTICLE{C,
%   author = {A. A. Abramson and B. B. Barbie and C. C. Rider},
%   title = {Article title},
%   journal = {Journal Three},
%   year = {1900},
%   volume = {1},
%   pages = {192--244},
%   number = {1}
% }

% @ARTICLE{D,
%   author = {J.K.Author},
%   title = {Article title},
%   journal = {Journal Three},
%   year = {1900},
%   month = {6},
%   volume = {1},
%   pages = {192--244},
%   number = {1},
%   note="Accessed: June 19, 2005. doi: 10.1109/TTHZ.2016.2544142. [Online]. Available: \url{https://ieeexplore.ieee.org/document/7463081}"
% }

% @CONFERENCE{F,
%   author       = "J\dot K\dot Author",
%   title        = "Title of paper",
%   booktitle    = "Abbreviated Name of Conf.",
%   note         = "1900, pp. 16--19. Accessed: June 19, 2005. [Online]. Available: \url{http://www.computer.org/csdl/proceedings/dac/2003/2394/00/2394001-abs.html}",
% }